@misc{OilandGasClub,
author = {{Oil and Gas Club}},
title = {{About Globe Valves}},
url = {https://www.oilandgasclub.com/about-globe-valves/},
urldate = {2018-03-13}
}
@misc{CopperDevelopmentAssociationsInc2017,
author = {{Copper Development Associations Inc}},
title = {{C28500 Alloy}},
url = {https://alloys.copper.org/alloy/C28500},
urldate = {2018-03-12},
year = {2017}
}
@phdthesis{Zhang2009,
author = {Zhang, Yaofu},
file = {:C$\backslash$:/Users/Daniel/AppData/Local/Mendeley Ltd./Mendeley Desktop/Downloaded/Zhang - 2009 - Dezincification and Brass Lead Leaching in Premise Plumbing Systems Effects of Alloy, Physical Conditions and Water Chemi.pdf:pdf},
school = {Virginia Polytechnic Institute},
title = {{Dezincification and Brass Lead Leaching in Premise Plumbing Systems: Effects of Alloy, Physical Conditions and Water Chemistry}},
url = {https://vtechworks.lib.vt.edu/bitstream/handle/10919/36280/Zhang{\_}Y{\_}T{\_}2009.pdf?sequence=1{\&}isAllowed=y},
year = {2009}
}
